<record><leader>00000cas a2200000 a 4500</leader><controlfield tag="001">12703513</controlfield><controlfield tag="008">851022d18731892ksuwr ne      0    0eng d</controlfield><datafield ind1=" " ind2=" " tag="010"><subfield code="a">sn 85032798 </subfield></datafield><datafield ind1=" " ind2=" " tag="040"><subfield code="a">KSH</subfield><subfield code="b">eng</subfield><subfield code="c">KSH</subfield><subfield code="d">NPT</subfield><subfield code="d">NPX</subfield><subfield code="d">OCL</subfield><subfield code="d">OCLCQ</subfield></datafield><datafield ind1=" " ind2=" " tag="042"><subfield code="a">msc</subfield></datafield><datafield ind1="0" ind2="4" tag="245"><subfield code="a">The Sumner County press.</subfield></datafield><datafield ind1=" " ind2=" " tag="260"><subfield code="a">Wellington, Kan. :</subfield><subfield code="b">Folks &amp; Ludlow,</subfield><subfield code="c">-1892.</subfield></datafield><datafield ind1=" " ind2=" " tag="300"><subfield code="a">v. ;</subfield><subfield code="c">56 cm.</subfield></datafield><datafield ind1=" " ind2=" " tag="310"><subfield code="a">Weekly</subfield></datafield><datafield ind1="0" ind2=" " tag="362"><subfield code="a">-v. 20, no. 35 (Feb. 18, 1892).</subfield></datafield><datafield ind1="1" ind2=" " tag="362"><subfield code="a">Began in June 1873.</subfield><subfield code="z">Cf. Gregory, W. Amer. newspapers.</subfield></datafield><datafield ind1=" " ind2=" " tag="500"><subfield code="a">Publishers: Folks &amp; Ludlow, &lt;1873&gt;; Folks &amp; Bishop, &lt;1876&gt;.</subfield></datafield><datafield ind1=" " ind2=" " tag="500"><subfield code="a">Republican.</subfield></datafield><datafield ind1=" " ind2=" " tag="500"><subfield code="a">Editor: John H. Folks, &lt;1876&gt;.</subfield></datafield><datafield ind1=" " ind2=" " tag="588"><subfield code="a">Description based on: Vol. 2, no. 10 (Sept. 18, 1873).</subfield></datafield><datafield ind1=" " ind2=" " tag="752"><subfield code="a">United States</subfield><subfield code="b">Kansas</subfield><subfield code="c">Sumner</subfield><subfield code="d">Wellington.</subfield></datafield><datafield ind1="0" ind2="6" tag="780"><subfield code="t">Daily Wellingtonian</subfield><subfield code="g">Oct. 8, 1885</subfield><subfield code="w">(DLC)sn 85032848</subfield></datafield><datafield ind1="0" ind2="6" tag="780"><subfield code="t">Wellingtonian</subfield><subfield code="g">Oct. 8, 1885</subfield><subfield code="w">(DLC)sn 85032851</subfield></datafield><datafield ind1="0" ind2="7" tag="785"><subfield code="t">Wellington monitor</subfield><subfield code="w">(DLC)sn 85032799</subfield></datafield><datafield ind1="0" ind2="7" tag="785"><subfield code="t">Monitor-press</subfield><subfield code="w">(DLC)sn 85032802</subfield></datafield><datafield ind1="1" ind2=" " tag="029"><subfield code="a">AU@</subfield><subfield code="b">000022167132</subfield></datafield></record>